@book{ChrisPRML,
	title = {Pattern Recognition and Machine Learning},
	author = {Christopher M. Bishop},
	isbn = {9780387310732},
	year ={2006},
	publisher={Springer Sciences Media}
}