@book{ChrisPRML,
	title = {Pattern Recognition and Machine Learning},
	author = {Christopher M. Bishop},
	isbn = {9780387310732},
	year ={2006},
	publisher={Springer Sciences Media}
}

@book{CLT,
author = {Fischer, Hans},
year = {2011},
month = {01},
pages = {},
title = {A History of the Central Limit Theorem: From Classical to Modern Probability Theory},
isbn = {978-0-387-87856-0},
doi = {10.1007/978-0-387-87857-7}
}